<?xml version="1.0" encoding="UTF-8"?>
<!DOCTYPE html PUBLIC "-//W3C//DTD XHTML 1.0 Transitional//EN"
    "http://www.w3.org/TR/xhtml1/DTD/xhtml1-transitional.dtd">
<html xmlns="http://www.w3.org/1999/xhtml" xml:lang="en" lang="en">
 <head>
  <title>
</title>
<meta http-equiv="Content-Type" content="text/html;charset=utf-8" />
  <meta name='ocr-system' content='tesseract 3.04.00' />
  <meta name='ocr-capabilities' content='ocr_page ocr_carea ocr_par ocr_line ocrx_word'/>
</head>
<body>
  <div class='ocr_page' id='page_1' title='image "./qhoratiiflaccica00hora_0037.png"; bbox 0 0 1432 2337; ppageno 0'>
   <div class='ocr_carea' id='block_1_1' title="bbox 425 199 949 236">
    <p class='ocr_par' dir='ltr' id='par_1_1' title="bbox 425 199 949 236">
     <span class='ocr_line' id='line_1_1' title="bbox 425 199 949 236; baseline -0.004 -1"><span class='ocrx_word' id='word_1_1' title='bbox 425 200 627 236; x_wconf 87' lang='lat' dir='ltr'><strong>CARMEN</strong></span> <span class='ocrx_word' id='word_1_2' title='bbox 653 199 949 234; x_wconf 82' lang='lat' dir='ltr'><strong>SAEOULARE.</strong></span> 
     </span>
    </p>
   </div>
   <div class='ocr_carea' id='block_1_2' title="bbox 249 277 1061 514">
    <p class='ocr_par' dir='ltr' id='par_1_2' title="bbox 249 277 1061 446">
     <span class='ocr_line' id='line_1_2' title="bbox 251 277 1061 326; baseline -0.001 -12"><span class='ocrx_word' id='word_1_3' title='bbox 251 279 312 314; x_wconf 89' lang='lat' dir='ltr'>cui</span> <span class='ocrx_word' id='word_1_4' title='bbox 338 290 402 326; x_wconf 88' lang='lat' dir='ltr'>per</span> <span class='ocrx_word' id='word_1_5' title='bbox 428 278 621 314; x_wconf 72' lang='lat' dir='ltr'>ardentem</span> <span class='ocrx_word' id='word_1_6' title='bbox 648 278 728 313; x_wconf 86' lang='lat' dir='ltr'>sine</span> <span class='ocrx_word' id='word_1_7' title='bbox 754 277 885 314; x_wconf 87' lang='lat' dir='ltr'>fraude</span> <span class='ocrx_word' id='word_1_8' title='bbox 912 277 1061 313; x_wconf 84' lang='lat' dir='ltr'>Troiam</span> 
     </span>
     <span class='ocr_line' id='line_1_3' title="bbox 250 340 933 388; baseline 0 -12"><span class='ocrx_word' id='word_1_9' title='bbox 250 344 372 376; x_wconf 87' lang='lat' dir='ltr'>castus</span> <span class='ocrx_word' id='word_1_10' title='bbox 398 340 548 376; x_wconf 83' lang='lat' dir='ltr'>Aeneas</span> <span class='ocrx_word' id='word_1_11' title='bbox 574 340 719 388; x_wconf 78' lang='lat' dir='ltr'>patriae</span> <span class='ocrx_word' id='word_1_12' title='bbox 746 344 933 388; x_wconf 88' lang='lat' dir='ltr'>superstes</span> 
     </span>
     <span class='ocr_line' id='line_1_4' title="bbox 249 402 892 446; baseline 0 -9"><span class='ocrx_word' id='word_1_13' title='bbox 249 402 407 438; x_wconf 85' lang='lat' dir='ltr'>liberum</span> <span class='ocrx_word' id='word_1_14' title='bbox 434 402 598 437; x_wconf 83' lang='lat' dir='ltr'>munivit</span> <span class='ocrx_word' id='word_1_15' title='bbox 623 402 704 446; x_wconf 87' lang='lat' dir='ltr'>iter,</span> <span class='ocrx_word' id='word_1_16' title='bbox 734 402 892 438; x_wconf 87' lang='lat' dir='ltr'>daturus</span> 
     </span>
    </p>

    <p class='ocr_par' dir='ltr' id='par_1_3' title="bbox 350 463 646 514">
     <span class='ocr_line' id='line_1_5' title="bbox 350 463 646 514; baseline 0.003 -15"><span class='ocrx_word' id='word_1_17' title='bbox 350 465 458 514; x_wconf 86' lang='lat' dir='ltr'>plura</span> <span class='ocrx_word' id='word_1_18' title='bbox 484 463 623 500; x_wconf 87' lang='lat' dir='ltr'>relictis</span> <span class='ocrx_word' id='word_1_19' title='bbox 639 478 646 500; x_wconf 92' lang='lat'>:</span> 
     </span>
    </p>
   </div>
   <div class='ocr_carea' id='block_1_3' title="bbox 249 579 1095 802">
    <p class='ocr_par' dir='ltr' id='par_1_4' title="bbox 249 579 955 628">
     <span class='ocr_line' id='line_1_6' title="bbox 249 579 955 628; baseline -0.001 -13"><span class='ocrx_word' id='word_1_20' title='bbox 249 579 298 625; x_wconf 93' lang='lat' dir='ltr'>di,</span> <span class='ocrx_word' id='word_1_21' title='bbox 326 580 459 628; x_wconf 89' lang='lat' dir='ltr'>probos</span> <span class='ocrx_word' id='word_1_22' title='bbox 486 592 605 615; x_wconf 84' lang='lat' dir='ltr'>mores</span> <span class='ocrx_word' id='word_1_23' title='bbox 632 579 742 615; x_wconf 89' lang='lat' dir='ltr'>docili</span> <span class='ocrx_word' id='word_1_24' title='bbox 767 579 955 624; x_wconf 83' lang='lat' dir='ltr'>iuventae,</span> 
     </span>
    </p>

    <p class='ocr_par' dir='ltr' id='par_1_5' title="bbox 251 642 906 690">
     <span class='ocr_line' id='line_1_7' title="bbox 251 642 906 690; baseline -0.002 -12"><span class='ocrx_word' id='word_1_25' title='bbox 251 642 299 687; x_wconf 87' lang='lat' dir='ltr'>di,</span> <span class='ocrx_word' id='word_1_26' title='bbox 328 642 512 678; x_wconf 70' lang='lat' dir='ltr'>senectuti</span> <span class='ocrx_word' id='word_1_27' title='bbox 538 642 704 690; x_wconf 86' lang='lat' dir='ltr'>placidae</span> <span class='ocrx_word' id='word_1_28' title='bbox 732 642 906 690; x_wconf 88' lang='lat' dir='ltr'>quietem,</span> 
     </span>
    </p>

    <p class='ocr_par' dir='ltr' id='par_1_6' title="bbox 250 703 1095 802">
     <span class='ocr_line' id='line_1_8' title="bbox 250 703 1095 752; baseline 0 -13"><span class='ocrx_word' id='word_1_29' title='bbox 250 704 432 740; x_wconf 82' lang='lat' dir='ltr'>Romulae</span> <span class='ocrx_word' id='word_1_30' title='bbox 457 703 560 751; x_wconf 86' lang='lat' dir='ltr'>genti</span> <span class='ocrx_word' id='word_1_31' title='bbox 588 703 674 740; x_wconf 86' lang='lat' dir='ltr'>date</span> <span class='ocrx_word' id='word_1_32' title='bbox 701 715 854 750; x_wconf 86' lang='lat' dir='ltr'>remque</span> <span class='ocrx_word' id='word_1_33' title='bbox 881 704 1095 752; x_wconf 89' lang='lat' dir='ltr'>prolemque</span> 
     </span>
     <span class='ocr_line' id='line_1_9' title="bbox 350 766 684 802; baseline 0.003 -1"><span class='ocrx_word' id='word_1_34' title='bbox 350 769 388 801; x_wconf 90' lang='lat' dir='ltr'>et</span> <span class='ocrx_word' id='word_1_35' title='bbox 415 766 524 801; x_wconf 90' lang='lat' dir='ltr'>decus</span> <span class='ocrx_word' id='word_1_36' title='bbox 550 769 684 802; x_wconf 85' lang='lat' dir='ltr'>omne!</span> 
     </span>
    </p>
   </div>
   <div class='ocr_carea' id='block_1_4' title="bbox 247 880 1031 1102">
    <p class='ocr_par' dir='ltr' id='par_1_7' title="bbox 249 880 1003 927">
     <span class='ocr_line' id='line_1_10' title="bbox 249 880 1003 927; baseline 0.004 -13"><span class='ocrx_word' id='word_1_37' title='bbox 249 892 415 927; x_wconf 84' lang='lat' dir='ltr'>quaeque</span> <span class='ocrx_word' id='word_1_38' title='bbox 446 893 508 915; x_wconf 83' lang='lat' dir='ltr'>vos</span> <span class='ocrx_word' id='word_1_39' title='bbox 534 880 653 916; x_wconf 91' lang='lat' dir='ltr'>bobus</span> <span class='ocrx_word' id='word_1_40' title='bbox 680 885 882 917; x_wconf 83' lang='lat' dir='ltr'>veneratur</span> <span class='ocrx_word' id='word_1_41' title='bbox 908 881 1003 917; x_wconf 88' lang='lat' dir='ltr'>albis</span> 
     </span>
    </p>

    <p class='ocr_par' dir='ltr' id='par_1_8' title="bbox 248 943 1031 991">
     <span class='ocr_line' id='line_1_11' title="bbox 248 943 1031 991; baseline 0.001 -13"><span class='ocrx_word' id='word_1_42' title='bbox 248 943 367 979; x_wconf 86' lang='lat' dir='ltr'>clarus</span> <span class='ocrx_word' id='word_1_43' title='bbox 394 943 583 979; x_wconf 86' lang='lat' dir='ltr'>Anchisae</span> <span class='ocrx_word' id='word_1_44' title='bbox 610 944 844 991; x_wconf 85' lang='lat' dir='ltr'>Venerisque</span> <span class='ocrx_word' id='word_1_45' title='bbox 871 944 1031 991; x_wconf 83' lang='lat' dir='ltr'>sanguis,</span> 
     </span>
    </p>

    <p class='ocr_par' dir='ltr' id='par_1_9' title="bbox 247 1005 976 1102">
     <span class='ocr_line' id='line_1_12' title="bbox 247 1005 976 1052; baseline 0.003 -13"><span class='ocrx_word' id='word_1_46' title='bbox 247 1005 431 1052; x_wconf 87' lang='lat' dir='ltr'>impetret,</span> <span class='ocrx_word' id='word_1_47' title='bbox 460 1005 623 1040; x_wconf 85' lang='lat' dir='ltr'>bellante</span> <span class='ocrx_word' id='word_1_48' title='bbox 650 1005 764 1052; x_wconf 89' lang='lat' dir='ltr'>prior,</span> <span class='ocrx_word' id='word_1_49' title='bbox 792 1005 976 1041; x_wconf 84' lang='lat' dir='ltr'>iacentem</span> 
     </span>
     <span class='ocr_line' id='line_1_13' title="bbox 349 1065 706 1102; baseline 0.006 -2"><span class='ocrx_word' id='word_1_50' title='bbox 349 1065 443 1101; x_wconf 88' lang='lat' dir='ltr'>lenis</span> <span class='ocrx_word' id='word_1_51' title='bbox 470 1066 510 1101; x_wconf 88' lang='lat' dir='ltr'>in</span> <span class='ocrx_word' id='word_1_52' title='bbox 537 1066 706 1102; x_wconf 85' lang='lat' dir='ltr'>hostem!</span> 
     </span>
    </p>
   </div>
   <div class='ocr_carea' id='block_1_5' title="bbox 246 1191 1060 1425">
    <p class='ocr_par' dir='ltr' id='par_1_10' title="bbox 246 1191 1002 1240">
     <span class='ocr_line' id='line_1_14' title="bbox 246 1191 1002 1240; baseline 0.001 -14"><span class='ocrx_word' id='word_1_53' title='bbox 246 1191 321 1226; x_wconf 85' lang='lat' dir='ltr'>iam</span> <span class='ocrx_word' id='word_1_54' title='bbox 348 1191 442 1226; x_wconf 89' lang='lat' dir='ltr'>mari</span> <span class='ocrx_word' id='word_1_55' title='bbox 468 1195 642 1239; x_wconf 86' lang='lat' dir='ltr'>terraque</span> <span class='ocrx_word' id='word_1_56' title='bbox 669 1204 803 1228; x_wconf 89' lang='lat' dir='ltr'>manus</span> <span class='ocrx_word' id='word_1_57' title='bbox 829 1196 1002 1240; x_wconf 83' lang='lat' dir='ltr'>potentes</span> 
     </span>
    </p>

    <p class='ocr_par' dir='ltr' id='par_1_11' title="bbox 248 1252 972 1301">
     <span class='ocr_line' id='line_1_15' title="bbox 248 1252 972 1301; baseline 0.003 -14"><span class='ocrx_word' id='word_1_58' title='bbox 248 1252 382 1288; x_wconf 86' lang='lat' dir='ltr'>Medus</span> <span class='ocrx_word' id='word_1_59' title='bbox 409 1253 653 1301; x_wconf 85' lang='lat' dir='ltr'>Albanasque</span> <span class='ocrx_word' id='word_1_60' title='bbox 679 1254 790 1289; x_wconf 87' lang='lat' dir='ltr'>timet</span> <span class='ocrx_word' id='word_1_61' title='bbox 816 1265 972 1299; x_wconf 83' lang='lat' dir='ltr'>secures,</span> 
     </span>
    </p>

    <p class='ocr_par' dir='ltr' id='par_1_12' title="bbox 246 1315 1060 1425">
     <span class='ocr_line' id='line_1_16' title="bbox 246 1315 1060 1364; baseline 0.001 -14"><span class='ocrx_word' id='word_1_62' title='bbox 246 1316 318 1351; x_wconf 81' lang='lat' dir='ltr'>iam</span> <span class='ocrx_word' id='word_1_63' title='bbox 347 1315 506 1363; x_wconf 82' lang='lat' dir='ltr'>Scythae</span> <span class='ocrx_word' id='word_1_64' title='bbox 533 1328 707 1363; x_wconf 83' lang='lat' dir='ltr'>responsa</span> <span class='ocrx_word' id='word_1_65' title='bbox 734 1320 880 1364; x_wconf 86' lang='lat' dir='ltr'>petunt,</span> <span class='ocrx_word' id='word_1_66' title='bbox 910 1316 1060 1364; x_wconf 90' lang='lat' dir='ltr'>superbi</span> 
     </span>
     <span class='ocr_line' id='line_1_17' title="bbox 346 1377 666 1425; baseline 0.003 -13"><span class='ocrx_word' id='word_1_67' title='bbox 346 1389 474 1425; x_wconf 86' lang='lat' dir='ltr'>nuper,</span> <span class='ocrx_word' id='word_1_68' title='bbox 503 1381 541 1413; x_wconf 89' lang='lat' dir='ltr'>et</span> <span class='ocrx_word' id='word_1_69' title='bbox 569 1377 666 1413; x_wconf 83' lang='lat' dir='ltr'>Indi.</span> 
     </span>
    </p>
   </div>
   <div class='ocr_carea' id='block_1_6' title="bbox 243 1492 1025 1723">
    <p class='ocr_par' dir='ltr' id='par_1_13' title="bbox 244 1492 1025 1540">
     <span class='ocr_line' id='line_1_18' title="bbox 244 1492 1025 1540; baseline 0.001 -13"><span class='ocrx_word' id='word_1_70' title='bbox 244 1493 318 1527; x_wconf 89' lang='lat' dir='ltr'>iam</span> <span class='ocrx_word' id='word_1_71' title='bbox 345 1492 436 1527; x_wconf 91' lang='lat' dir='ltr'>fides</span> <span class='ocrx_word' id='word_1_72' title='bbox 463 1496 501 1528; x_wconf 90' lang='lat' dir='ltr'>et</span> <span class='ocrx_word' id='word_1_73' title='bbox 525 1504 598 1539; x_wconf 82' lang='lat' dir='ltr'>pax</span> <span class='ocrx_word' id='word_1_74' title='bbox 625 1496 662 1528; x_wconf 87' lang='lat' dir='ltr'>et</span> <span class='ocrx_word' id='word_1_75' title='bbox 689 1492 806 1528; x_wconf 92' lang='lat' dir='ltr'>honos</span> <span class='ocrx_word' id='word_1_76' title='bbox 832 1492 1025 1540; x_wconf 90' lang='lat' dir='ltr'>pudorque</span> 
     </span>
    </p>

    <p class='ocr_par' dir='ltr' id='par_1_14' title="bbox 243 1554 940 1601">
     <span class='ocr_line' id='line_1_19' title="bbox 243 1554 940 1601; baseline 0.003 -13"><span class='ocrx_word' id='word_1_77' title='bbox 243 1554 384 1601; x_wconf 85' lang='lat' dir='ltr'>priscus</span> <span class='ocrx_word' id='word_1_78' title='bbox 411 1557 448 1589; x_wconf 89' lang='lat' dir='ltr'>et</span> <span class='ocrx_word' id='word_1_79' title='bbox 474 1554 641 1601; x_wconf 84' lang='lat' dir='ltr'>neglecta</span> <span class='ocrx_word' id='word_1_80' title='bbox 667 1554 788 1590; x_wconf 83' lang='lat' dir='ltr'>redire</span> <span class='ocrx_word' id='word_1_81' title='bbox 815 1554 940 1590; x_wconf 83' lang='lat' dir='ltr'>virtus</span> 
     </span>
    </p>

    <p class='ocr_par' dir='ltr' id='par_1_15' title="bbox 243 1614 894 1723">
     <span class='ocr_line' id='line_1_20' title="bbox 243 1614 894 1664; baseline 0.002 -14"><span class='ocrx_word' id='word_1_82' title='bbox 243 1614 366 1659; x_wconf 84' lang='lat' dir='ltr'>audet,</span> <span class='ocrx_word' id='word_1_83' title='bbox 395 1620 621 1662; x_wconf 87' lang='lat' dir='ltr'>apparetque</span> <span class='ocrx_word' id='word_1_84' title='bbox 647 1615 758 1651; x_wconf 84' lang='lat' dir='ltr'>beata</span> <span class='ocrx_word' id='word_1_85' title='bbox 784 1615 894 1664; x_wconf 90' lang='lat' dir='ltr'>pleno</span> 
     </span>
     <span class='ocr_line' id='line_1_21' title="bbox 344 1676 598 1723; baseline 0 -12"><span class='ocrx_word' id='word_1_86' title='bbox 344 1676 448 1723; x_wconf 82' lang='lat' dir='ltr'>copia</span> <span class='ocrx_word' id='word_1_87' title='bbox 475 1688 598 1715; x_wconf 81' lang='lat' dir='ltr'>cornu.</span> 
     </span>
    </p>
   </div>
   <div class='ocr_carea' id='block_1_7' title="bbox 240 1794 1050 2027">
    <p class='ocr_par' dir='ltr' id='par_1_16' title="bbox 240 1794 905 1842">
     <span class='ocr_line' id='line_1_22' title="bbox 240 1794 905 1842; baseline 0.003 -13"><span class='ocrx_word' id='word_1_88' title='bbox 240 1806 358 1842; x_wconf 88' lang='lat' dir='ltr'>augur</span> <span class='ocrx_word' id='word_1_89' title='bbox 384 1799 422 1830; x_wconf 82' lang='lat' dir='ltr'>et</span> <span class='ocrx_word' id='word_1_90' title='bbox 448 1794 613 1842; x_wconf 83' lang='lat' dir='ltr'>fulgente</span> <span class='ocrx_word' id='word_1_91' title='bbox 639 1795 791 1831; x_wconf 86' lang='lat' dir='ltr'>decorus</span> <span class='ocrx_word' id='word_1_92' title='bbox 819 1808 905 1831; x_wconf 89' lang='lat' dir='ltr'>arcu</span> 
     </span>
    </p>

    <p class='ocr_par' dir='ltr' id='par_1_17' title="bbox 242 1855 1050 1904">
     <span class='ocr_line' id='line_1_23' title="bbox 242 1855 1050 1904; baseline 0.001 -13"><span class='ocrx_word' id='word_1_93' title='bbox 242 1855 412 1891; x_wconf 88' lang='lat' dir='ltr'>Phoebus</span> <span class='ocrx_word' id='word_1_94' title='bbox 439 1860 681 1904; x_wconf 86' lang='lat' dir='ltr'>acceptusque</span> <span class='ocrx_word' id='word_1_95' title='bbox 707 1869 840 1893; x_wconf 87' lang='lat' dir='ltr'>novem</span> <span class='ocrx_word' id='word_1_96' title='bbox 868 1857 1050 1901; x_wconf 76' lang='lat' dir='ltr'>Camenis,</span> 
     </span>
    </p>

    <p class='ocr_par' dir='ltr' id='par_1_18' title="bbox 241 1917 860 2027">
     <span class='ocr_line' id='line_1_24' title="bbox 241 1917 860 1965; baseline 0.005 -13"><span class='ocrx_word' id='word_1_97' title='bbox 241 1917 306 1965; x_wconf 89' lang='lat' dir='ltr'>qui</span> <span class='ocrx_word' id='word_1_98' title='bbox 332 1917 486 1953; x_wconf 84' lang='lat' dir='ltr'>salutari</span> <span class='ocrx_word' id='word_1_99' title='bbox 512 1917 612 1953; x_wconf 85' lang='lat' dir='ltr'>levat</span> <span class='ocrx_word' id='word_1_100' title='bbox 639 1922 719 1954; x_wconf 81' lang='lat' dir='ltr'>arte</span> <span class='ocrx_word' id='word_1_101' title='bbox 745 1918 860 1955; x_wconf 78' lang='lat' dir='ltr'>fessos</span> 
     </span>
     <span class='ocr_line' id='line_1_25' title="bbox 342 1979 646 2027; baseline 0 -12"><span class='ocrx_word' id='word_1_102' title='bbox 342 1979 504 2027; x_wconf 85' lang='lat' dir='ltr'>corporis</span> <span class='ocrx_word' id='word_1_103' title='bbox 531 1983 646 2025; x_wconf 80' lang='lat' dir='ltr'>artus,</span> 
     </span>
    </p>
   </div>
   <div class='ocr_carea' id='block_1_8' title="bbox 1202 1335 1230 1357">
    <p class='ocr_par' dir='ltr' id='par_1_19' title="bbox 1202 1335 1230 1357">
     <span class='ocr_line' id='line_1_26' title="bbox 1202 1335 1230 1357; baseline 0 0"><span class='ocrx_word' id='word_1_104' title='bbox 1202 1335 1230 1357; x_wconf 89' lang='grc'>55</span> 
     </span>
    </p>
   </div>
  </div>
 </body>
</html>
