1432 2337
175 197 215 228 18

452 196 660 231 HORATII
694 197 963 232 CARMINUM

325 278 369 309 ut
396 278 522 310 tamen
548 275 652 311 noris
677 276 813 323 quibus
840 276 1031 312 advoceris

324 336 481 383 gaudiis,
509 337 601 372 Idus
629 337 698 372 tibi
725 342 815 372 sunt
840 338 1014 385 agendae,

323 397 387 440 qui
414 398 492 433 dies
518 410 681 433 mensem
709 399 869 435 Veneris
895 400 1060 435 marinae

430 459 541 494 findit
567 460 750 507 Aprilem,

323 530 403 565 iure
430 531 620 566 sollemnis
646 531 739 566 mihi
766 532 1002 579 sanctiorque

322 603 439 638 paene
465 592 585 627 natali
611 593 771 640 proprio,
799 594 898 639 quod
926 605 973 628 ex
1000 593 1068 629 hac

322 654 402 688 luce
430 653 626 689 Maecenas
653 667 757 689 meus
784 655 990 691 adfluentes

424 716 575 751 ordinat
601 729 729 755 annos.

321 787 535 834 Telephum,
564 800 673 835 quem
701 793 744 823 tu
771 790 877 836 petis,
907 790 1102 837 occupavit

322 862 397 885 non
424 853 513 885 tuae
540 851 651 886 sortis
678 851 851 886 invenem
879 852 1004 899 puella

321 913 423 948 dives
451 917 489 948 et
514 913 652 949 lasciva
679 918 855 961 tenetque
883 919 989 962 grata

424 975 596 1022 compede
623 976 803 1012 vinctum.

319 1050 435 1082 terret
462 1047 656 1082 ambustus
684 1048 878 1083 Phaethon
907 1061 1038 1083 avaras

320 1121 412 1156 spes,
442 1112 479 1144 et
506 1109 718 1155 exemplum
745 1122 858 1156 grave
885 1111 1037 1157 praebet
1063 1110 1139 1145 ales

322 1169 485 1216 Pegasus
512 1172 702 1204 terrenum
731 1170 895 1216 equitem
922 1175 1100 1217 gravatus

425 1232 759 1279 Bellerophontem,

321 1318 464 1353 semper
490 1309 534 1340 ut
561 1309 598 1340 te
625 1305 737 1352 digna
764 1318 917 1352 sequare
945 1309 982 1341 et
1009 1305 1109 1340 ultra

321 1379 431 1414 quam
459 1367 547 1402 licet
574 1379 721 1414 sperare
748 1367 851 1402 nefas
878 1366 1047 1414 putando

321 1430 506 1477 disparem
534 1429 639 1466 vites.
696 1441 763 1476 age
790 1429 875 1473 iam,
906 1441 1072 1465 meorum

421 1491 506 1526 finis
533 1503 754 1526 amorum—

324 1573 398 1595 non
427 1562 524 1596 enim
553 1562 706 1608 posthac
734 1563 808 1597 alia
835 1563 962 1598 calebo

324 1622 686 1658 femina—condisce
714 1624 851 1668 modos,
881 1624 1041 1659 amanda

326 1695 413 1718 voce
442 1696 532 1730 quos
560 1683 692 1719 reddas
701 1698 710 1730 3
740 1685 958 1720 minuentur
984 1689 1088 1720 atrae

426 1745 589 1780 carmine
618 1758 736 1781 curae.

1278 421 1311 442 15

1275 739 1304 754 20

1274 1069 1302 1089 ²5

1276 1387 1305 1408 30

1276 1706 1304 1727 35
