1432 2337
430 200 639 234 HORATII
672 202 942 236 CARMINUM

236 279 356 314 multa
385 279 586 314 Dircaeum
618 280 720 315 levat
748 293 840 316 aura
868 293 1035 328 cycnum,

235 340 367 386 tendit,
397 340 557 385 Antoni,
586 342 760 389 quotiens
786 342 827 376 in
853 343 950 377 altos

234 403 389 438 nubium
419 407 572 439 tractus.
626 416 692 452 ego
719 404 799 451 apis
825 404 997 440 Matinae

388 477 489 500 more
517 465 700 512 modoque

232 541 340 584 grata
366 538 552 584 carpentis
580 538 711 585 thyma
739 551 805 586 per
833 539 996 575 laborem

233 598 435 644 plurimum
465 599 562 634 circa
590 612 721 634 nemus
749 600 929 648 uvidique

233 659 383 694 Tiburis
412 659 512 706 ripas
540 673 692 708 operosa
720 673 858 708 parvus

385 722 549 757 carmina
576 723 686 770 fingo.

231 793 403 828 concines
431 794 570 829 maiore
598 798 709 842 poeta
736 795 877 842 plectro

233 855 437 899 Caesarem,
466 855 690 903 quandoque
717 856 842 891 trahet,
868 857 1006 892 feroces

231 929 296 963 per
322 929 468 952 sacrum
497 917 635 952 clivum
663 918 797 953 merita
825 918 979 955 decorus

384 978 513 1013 fronde
541 978 774 1026 Sygambros,

232 1061 304 1096 quo
334 1048 429 1083 nihil
458 1048 579 1084 maius
605 1049 786 1085 meliusve
813 1050 924 1085 terris

231 1110 311 1145 fata
338 1110 522 1145 donavere
549 1111 710 1157 bonique
737 1111 816 1146 divi

231 1184 298 1207 nec
328 1172 484 1215 dabunt,
512 1172 685 1218 quamvis
711 1172 867 1208 redeant:
897 1173 939 1208 in
968 1185 1101 1208 aurum

383 1237 552 1280 tempora
578 1234 751 1280 priscum.

230 1304 401 1340 concines
427 1304 618 1351 laetosque
647 1305 726 1340 dies
755 1308 793 1341 et
820 1305 939 1341 Urbis

230 1366 421 1413 publicum
450 1366 583 1400 ludum
611 1379 724 1414 super
751 1367 953 1414 impetrato

230 1429 337 1464 fortis
365 1428 534 1474 Augus&
561 1428 687 1464 reditu
713 1428 911 1476 forumque

382 1490 512 1526 litibus
541 1492 683 1528 orbum.

230 1567 311 1597 ‘cum
340 1573 452 1605 meae,
484 1562 516 1597 si
545 1563 637 1610 quid
650 1558 797 1611 'loquar
824 1563 1061 1609 audiendum,

230 1626 331 1662 vocis
359 1626 509 1661 accedeb
539 1627 636 1662 bona
664 1639 760 1674 pars,
790 1630 838 1670 et,
867 1638 888 1661 o
918 1626 973 1661 sol

230 1685 400 1735 pulcher!
429 1698 451 1721 o
479 1688 682 1723 laudande!
712 1700 853 1732 canam,
883 1691 1031 1735 recepto

383 1754 539 1788 Caesare
569 1751 671 1787 feliX.

229 1828 346 1872 tuque
375 1824 463 1858 dum
493 1822 670 1870 procedis,
699 1823 735 1857 io
761 1822 974 1869 Triumphe,

231 1899 306 1921 non
334 1885 448 1922 semel
475 1885 649 1929 dicemus,
678 1884 715 1920 io
741 1883 953 1931 Triumphe,

230 1948 362 1983 civitas
390 1947 511 1982 omnis
538 1946 783 1993 dabimusque
810 1945 908 1980 divis

385 2009 498 2044 thura
523 2007 703 2055 benignis
890 2014 891 2017 ’

1243 303 1273 324 25

1243 623 1272 645 30

1241 940 1270 963 35

1238 1258 1269 1279 40

1237 1585 1266 1607 45

1237 1903 1267 1924 50
