1432 2337
441 189 649 225 HORATII
681 192 951 229 OARMINUM

230 269 313 311 post
343 265 412 302 hoc
443 269 615 305 secundis
644 282 761 318 usque
790 272 981 309 laboribus

234 326 407 364 Romana
434 331 551 377 pubes
580 332 710 377 crevit,
741 336 780 369 et
811 334 927 382 impio

281 393 429 424 vastata
458 390 671 427 Poenorum
699 394 869 429 tumultu

331 449 421 485 fana
449 451 537 487 deos
568 452 731 489 habuere
763 460 894 500 rectos,

227 521 400 569 dixitque
428 524 582 560 tandem
610 526 775 573 perfidus
804 527 1018 564 Hannibal:

229 584 338 628 cervi,
369 584 543 632 luporum
575 588 712 634 praeda
743 589 944 636 rapacium,

278 649 465 681 sectamur
493 648 604 692 ultro,
634 661 726 696 quos
754 649 900 696 opimus

330 706 461 744 fallere
490 713 529 744 et
557 710 718 757 effugere
747 715 804 746 est
832 712 1057 760 triumphus.

228 791 328 825 gens,
359 793 455 828 quae
484 788 648 818 cremato
679 782 789 818 fortis
817 785 865 820 ab
896 785 969 822 Ilio

237 842 376 878 iactata
404 843 534 879 Tuscis
563 846 786 892 aequoribus
814 859 916 882 sacra

280 908 462 952 natosque
490 913 730 954 maturosque
759 912 884 954 patres

330 968 490 1014 pertulit
517 968 708 1004 Ausonias
735 970 782 1005 ad
810 971 931 1015 urbes,

229 1039 333 1075 duris
362 1043 406 1074 ut
433 1040 509 1075 ilex
537 1045 647 1076 tonsa
673 1042 898 1089 bipennibus

228 1102 356 1149 nigrae
385 1101 500 1137 feraci
530 1102 675 1139 frondis
704 1104 744 1139 in
763 1105 915 1151 Algido,

279 1175 345 1211 per
373 1164 520 1208 damna,
552 1177 619 1212 per
647 1166 786 1210 caedes,
817 1167 864 1202 ab
892 1168 972 1215 ipso

330 1226 433 1262 ducit
460 1239 547 1274 opes
576 1228 817 1276 animumque
845 1229 954 1266 ferro.

229 1312 304 1335 non
332 1299 454 1347 hydra
480 1304 581 1336 secto
610 1313 760 1348 corpore
790 1302 932 1337 firmior

230 1361 329 1396 vinci
358 1362 545 1397 dolentem
575 1362 694 1397 crevit
722 1362 762 1397 in
791 1363 1005 1408 Herculem,

280 1427 536 1459 monstrumve
568 1425 773 1460 submisere
803 1425 931 1461 Colchi

331 1486 451 1521 maius
481 1486 731 1521 Echioniaeve
760 1487 917 1522 Thebae.

229 1570 365 1593 merses
391 1558 587 1605 profundo,
624 1559 815 1605 pulchrior
843 1559 995 1605 evenit3

230 1621 381 1664 luctere,
419 1620 539 1655 multa
568 1623 722 1667 proruet
750 1620 938 1667 integrum

282 1693 366 1715 cum
393 1680 503 1715 laude
532 1681 711 1716 victorem
740 1685 917 1728 geretque

333 1743 473 1790 proelia
501 1743 721 1790 coniugibus
749 1743 943 1790 loquenda.

235 1813 464 1861 Karthagini
492 1814 565 1849 iam
595 1827 670 1849 non
697 1827 764 1861 ego
792 1814 945 1850 nuntios

234 1876 381 1910 mittam
411 1877 605 1923 superbos:
642 1877 791 1921 occidit,
821 1877 958 1912 occidit

283 1949 366 1984 spes
395 1938 517 1973 omnis
544 1942 582 1973 et
609 1938 762 1974 fortuna
792 1939 911 1974 nostri

334 1999 496 2035 nominis
524 2000 764 2036 Hasdrubale
793 2000 1044 2048 interempto:

1237 296 1266 317 45

1238 612 1268 634 50

1237 931 1265 953 55

1238 1898 1268 1920 70
