1432 2337
423 199 514 233 LIB.
541 200 604 234 IV.
637 199 742 233 CAR.
767 199 873 233 VIII.
1184 202 1225 232 13

86 279 220 313 damna
247 281 373 313 tamen
399 277 534 312 celeres
561 280 738 324 reparant
764 277 937 313 caelestia
963 277 1090 313 lunae:

236 351 314 384 nos,
342 339 408 374 ubi
434 339 650 384 decidimus,

84 413 157 448 quo
183 405 290 449 pater
315 401 478 446 Aeneas,
505 413 579 448 quo
606 401 711 436 dives
738 401 872 437 Tullus
898 406 936 437 et
962 402 1105 447 Ancus,
1198 422 1225 443 15

236 462 360 510 pulvis
387 466 424 497 et
450 463 583 497 umbra
608 475 747 498 sumus.

84 535 167 582 quis
192 535 272 580 scit,
301 548 350 570 an
375 535 553 570 adiiciant
579 535 780 570 hodiernae
807 537 970 572 crastina
996 549 1162 572 summae

237 601 406 644 tempora
433 597 473 632 di
500 597 649 643 superi2

84 662 217 694 cuncta
243 671 376 694 manus
402 659 530 693 avidas
557 658 706 705 fugient
732 658 889 705 heredis,
918 660 1036 695 amieo

201 763 204 766 Δ
236 734 331 769 quae
358 722 502 757 dederis
528 722 662 758 animo.
1198 744 1227 759 20

84 807 168 829 cum
196 795 308 830 semel
335 794 510 830 occideris
537 799 574 830 et
601 795 646 831 de
675 799 713 830 te
740 795 934 842 splendida
960 795 1087 830 Minos

237 857 365 891 fecerit
392 857 559 901 arbitria,

84 931 170 964 non,
199 919 398 966 Torquate,
427 931 556 966 genus,
585 932 661 955 non
687 922 727 955 te
754 918 943 963 facundia,
972 932 1047 954 non
1075 924 1113 954 te

236 981 413 1016 restituet
439 981 578 1028 pietas,·

84 1054 242 1090 infernis
268 1067 390 1102 neque
418 1056 519 1091 enim
547 1057 713 1092 tenebris
741 1057 866 1092 Diana
892 1056 1069 1104 pudicum
1199 1076 1227 1098 25

236 1116 373 1152 liberat
400 1117 669 1165 Hippolytum,

86 1190 151 1213 nec
180 1177 342 1214 Lethaea
370 1179 471 1214 valet
499 1180 664 1216 Theseus
692 1180 917 1228 abrumpere
945 1192 1029 1215 caro

237 1240 388 1277 vincula
415 1241 596 1278 Pirithoo.

466 1453 696 1489 CARMEN
725 1452 844 1491 VIII.

185 1579 375 1614 Donarem
403 1583 552 1626 pateras
578 1583 760 1627 grataque
788 1555 1012 1624 commodus,

186 1639 400 1686 Censorine‚
429 1641 522 1676 meis
549 1654 634 1677 aera
662 1642 850 1677 sodalibus
859 1655 870 1687 3

185 1701 362 1736 donarem
389 1702 566 1749 tripodas,
596 1703 761 1750 praemia
787 1703 943 1738 fortium

185 1762 395 1808 Graiorum,
425 1776 545 1811 neque
572 1772 616 1799 tu
643 1765 803 1812 pessima
830 1777 1028 1800 munerum

184 1824 308 1869 ferres,
338 1825 456 1860 divite
484 1838 543 1861 me
571 1827 713 1861 scilieet
739 1827 889 1871 artium,
1216 1846 1229 1867 5

186 1897 278 1932 quas
305 1889 373 1920 aut
400 1886 622 1922 Parrhasius
649 1888 811 1935 protulit
838 1892 905 1923 aut
933 1887 1080 1934 Scopas,

186 1947 246 1983 hic
274 1959 375 1992 saxo,
403 1949 558 1996 liquidis
585 1950 649 1985 ille
676 1950 861 1986 coloribus

186 2008 314 2045 sollers
340 2022 441 2046 nunc
468 2011 657 2047 hominem
684 2024 833 2060 ponere,
862 2024 962 2047 nunc
991 2012 1112 2047 deum.

424 2226 537 2249 uu·-
574 2191 836 2231 ‘duro‘
