1432 2337
446 192 536 226 LIB.
562 192 624 226 IV.
658 192 764 226 CAR.
789 191 866 225 XV.

193 274 240 314 te,
268 269 431 306 fontium
458 270 522 317 qui
551 271 646 306 celat
670 270 842 318 origines,

193 331 378 378 Nilusque
404 336 443 367 et
470 332 580 377 Ister,
608 336 647 366 te
673 331 826 378 rapidus
854 330 988 378 Tigris,

244 397 281 428 te
307 393 481 428 beluosus
508 393 573 440 qui
601 393 755 428 remotis

295 455 477 502 obstrepit
504 455 674 491 Oceanus
702 454 912 500 Britannis,

195 531 230 561 te
257 539 333 561 non
359 528 530 574 paventis
557 527 690 562 funera
717 527 862 563 Galliae

193 588 381 636 duraeque
408 589 520 624 tellus
546 589 654 624 audit
682 588 874 632 Hiberiae,

244 654 282 685 te
308 650 418 685 caede
444 651 647 698 gaudentes
675 650 873 699 Sygambri

295 713 508 760 compositis
536 717 764 748 venerantur
791 712 914 749 armis.

489 912 719 948 OARMEN
747 912 838 948 XV.

195 1034 368 1069 Phoebus
394 1034 579 1069 volentem
607 1034 748 1081 proelia
774 1046 832 1069 me
860 1032 963 1080 loqui

194 1096 310 1132 victas
338 1098 376 1131 et
405 1096 516 1131 urbes
543 1095 731 1143 increpuit
757 1095 850 1142 lyra,

245 1170 292 1193 ne
320 1170 436 1205 parva
464 1157 698 1204 Tyrrhenum
728 1169 793 1204 per
820 1168 959 1203 aequor

295 1220 377 1254 vela
405 1220 541 1255 darem.
597 1222 673 1264 tua,
705 1219 851 1264 Caesar,
872 1223 975 1254 aetas

197 1292 319 1338 fruges
348 1295 386 1326 et
412 1292 510 1339 agris
540 1291 691 1327 rettulit
718 1292 851 1327 uberes

196 1356 235 1387 et
261 1353 368 1399 signa
394 1357 520 1387 nostro
546 1352 716 1387 restituit
743 1352 827 1387 Iovi

247 1413 400 1459 derepta
428 1413 657 1447 Parthorum
685 1413 856 1460 superbis

299 1473 468 1520 postibus
496 1478 534 1509 et
564 1487 723 1510 vacuum
752 1475 886 1510 duellis

197 1545 332 1580 Ianum
360 1545 511 1588 Quirini
537 1545 672 1581 clausit
699 1549 737 1581 et
763 1545 932 1582 ordinem

196 1611 338 1642 rectum
367 1607 543 1654 evaganti
569 1607 674 1643 frena
701 1608 874 1644 licentiae

247 1670 377 1705 iniecit
404 1670 617 1717 emovitque
644 1671 770 1718 culpas

298 1736 336 1768 et
365 1736 508 1768 veteres
535 1733 726 1768 revocavit
753 1737 862 1778 artes,

196 1817 261 1852 per
287 1817 379 1852 quas
407 1805 586 1841 Latinum
615 1818 752 1841 nomen
780 1810 819 1841 et
848 1805 970 1841 Italae

196 1879 343 1902 crevere
369 1867 468 1902 vires
495 1867 667 1914 famaque
694 1871 732 1902 et
758 1867 891 1914 imperi

247 1932 416 1976 porrecta
443 1928 618 1964 maiestas
645 1927 693 1964 ad
722 1933 824 1964 ortus

298 1991 385 2026 solis
412 1991 459 2025 ab
486 1990 671 2038 Hesperio
698 1991 822 2028 cubili.

1185 192 1228 223 23

1201 288 1230 310 45
