1432 2337
187 213 228 244 22

498 213 704 247 HORATII
737 215 1007 250 CARMINUM

284 289 506 337 spectandus
532 289 572 326 in
597 292 799 328 certamine
827 293 979 336 Martio,

284 350 419 386 devota
446 352 559 387 morti
588 356 737 399 pectora
766 353 904 389 liberae

334 414 484 461 quantis
510 414 684 461 fatigaret
710 415 829 451 ruinis
837 429 847 461 3

384 475 585 511 indomitas
612 489 725 524 prope
753 477 874 524 qualis
902 478 1019 514 undas

283 551 431 583 exercet
458 547 610 593 Auster,
640 547 835 583 Pleiadum
863 549 974 585 choro

281 609 472 644 scindente
499 609 627 654 nubes,
657 609 815 657 impiger
840 611 1003 646 hostium

333 683 469 706 vexare
496 674 640 707 turmas
670 676 707 707 et
734 672 953 708 frementem

382 732 532 768 mittere
559 745 694 780 equum
724 733 864 769 medios
891 746 956 782 per
983 734 1096 782 ignes.

281 804 332 840 sic
358 804 591 840 tauriformis
618 805 787 841 volvitur
817 807 988 852 Aufidus,

280 864 344 911 qui
371 876 485 912 regna
513 865 641 900 Dauni
667 866 841 913 praefluit
867 867 998 914 Apuli,

330 937 414 960 cum
441 925 559 960 saevit
586 925 881 974 horrendamque
908 928 1020 964 cultis

381 987 561 1023 diluviem
589 988 794 1023 meditatur
819 989 929 1036 agris,

279 1063 322 1094 ut
347 1060 586 1096 barbarorum
615 1061 793 1096 Claudius
818 1061 968 1108 agmina

278 1118 419 1154 ferrata
446 1123 554 1155 vasto
582 1119 699 1155 diruit
724 1121 867 1168 impetu

328 1181 541 1229 primosque
570 1185 608 1217 et
634 1186 820 1217 extremos
849 1183 1024 1218 metendo

379 1241 516 1276 stravit
543 1241 699 1277 humum
728 1242 807 1278 sine
835 1243 937 1278 clade
966 1243 1094 1289 victor,

277 1317 314 1349 te
341 1314 475 1361 copias,
504 1318 543 1350 te
569 1315 767 1350 consilium
794 1319 832 1350 et
858 1318 945 1351 tuos

277 1377 476 1424 praebente
502 1376 618 1412 divos.
664 1389 750 1412 nam
777 1377 858 1421 tibi,
888 1390 960 1425 quo
987 1377 1047 1413 die

326 1426 456 1485 portus
483 1438 725 1473 Alexandrea
750 1438 908 1485 supplex

377 1504 415 1535 et
441 1512 596 1535 vacuam
624 1500 802 1547 patefecit
828 1500 962 1544 aulam,

276 1571 445 1606 Fortuna
472 1570 592 1605 lustro
619 1582 794 1618 prospera
820 1570 934 1606 tertio

274 1632 371 1667 belli*
389 1631 568 1668 secundos
595 1631 757 1667 reddidit
783 1631 918 1673 exitus,

326 1692 547 1740 laudemque
574 1696 612 1728 et
639 1697 811 1741 optatum
837 1694 998 1741 peractis

375 1755 541 1802 imperiis
567 1755 676 1791 decus
701 1755 899 1802 arrogavit.

275 1832 311 1861 te
341 1826 529 1862 Cantaber
554 1839 630 1862 non
658 1831 745 1863 ante
774 1827 971 1863 domabilis

276 1886 483 1934 Medusque
509 1890 547 1923 et
576 1887 705 1933 Indus,
734 1892 771 1923 te
797 1888 972 1935 profugus
999 1887 1154 1935 Scythes

325 1949 493 1993 miratur,
521 1962 542 1985 0
568 1950 688 1985 tutela
715 1962 888 1997 praesens

377 2011 511 2047 Italiae
538 2012 781 2060 dominaeque
810 2012 962 2048 Romae.

1282 1460 1310 1481 35
