1432 2337
434 199 522 233 LIB.
549 199 610 233 IV.
644 198 748 233 CAR.
775 198 859 232 ΧΠ.

471 404 697 440 GARMEN
726 404 821 440 XII.

184 528 266 563 Iam
293 528 391 564 veris
418 529 579 574 comites,
610 542 704 577 quae
730 542 833 566 mare
863 534 1085 578 temperant,

183 589 381 636 impellunt
408 590 554 625 animae
580 590 697 626 lintea
723 590 919 636 Thraciae,-

182 652 257 686 iam
284 664 350 687 nec
377 655 484 699 prata
510 652 634 699 rigent
659 665 727 688 nec
754 653 860 688 fluvii
887 656 1062 701 strepunt

285 712 442 748 hiberna
469 713 557 749 nive
585 714 735 761 turgidi.

184 784 314 820 nidum
341 785 457 832 ponit,
479 785 571 833 Ityn
600 784 774 821 flebiliter
803 798 963 833 gemens,

184 846 317 884 infelix
346 848 425 884 avis
456 851 496 884 et
524 848 720 896 Cecropiae
752 849 884 884 domus

184 915 375 946 aeternum
403 910 653 958 opprobrium,
673 910 773 957 quod
801 911 897 945 male
923 911 1099 946 barbaras

285 986 412 1021 regum
442 978 498 1008 est
527 973 608 1008 ulta
635 973 818 1009 libidines

184 1045 313 1080 dicunt
342 1043 383 1080 in
410 1048 541 1080 tenero
567 1044 736 1092 gramine
766 1044 961 1092 pinguium

184 1106 353 1142 custodes
380 1106 507 1141 ovium
536 1106 700 1142 carmina
728 1106 855 1142 fistula

184 1167 442 1215 delectantque
470 1167 592 1212 deum,
620 1168 679 1203 cui
706 1180 817 1215 pecus
844 1172 882 1204 et
908 1168 1006 1216 nigri

284 1229 393 1264 colles
422 1229 607 1264 Arcadiae
636 1229 793 1276 placent.

184 1301 371 1336 adduxere
399 1301 501 1336 sitim
530 1304 707 1347 tempora,
741 1300 909 1348 Virgili3

185 1363 248 1398 sed
279 1375 446 1410 pressum
478 1362 629 1399 Calibus
658 1362 792 1398 ducere
822 1362 999 1398 Liberum

184 1425 215 1459 si
246 1424 369 1471 gestis,
399 1423 577 1459 iuvenum
605 1423 787 1459 nobilium
814 1424 940 1470 cliens,

285 1486 400 1520 nardo
429 1485 517 1520 vina
548 1486 743 1521 merebere.

183 1557 291 1592 nardi
319 1569 457 1604 parvus
484 1569 585 1604 onyx
615 1557 738 1592 eliciet
772 1557 917 1599 cadum,

184 1618 248 1665 qui
274 1629 374 1653 nunc
402 1617 577 1665 Sulpiciis
603 1619 758 1654 accubat
784 1618 937 1664 horreis,

183 1691 265 1727 spes
292 1679 430 1715 donare
458 1692 574 1715 novas
602 1681 725 1728 largus
753 1693 952 1729 amaraque

284 1754 457 1776 curarum
486 1741 608 1777 eluere
637 1742 774 1779 efficax,

184 1813 231 1849 ad
258 1826 351 1863 quae
379 1814 411 1849 si
439 1827 614 1862 properas
640 1814 787 1862 gaudia,
818 1826 901 1849 cun]
932 1819 997 1849 tua

183 1875 293 1912 velox
321 1889 441 1912 merce
469 1876 578 1912 veni:
611 1889 685 1911 non
715 1888 781 1923 ego
810 1880 848 1911 te
879 1876 970 1911 meis

182 1938 385 1973 immunem
411 1938 571 1973 meditor
597 1939 741 1985 tingere
767 1937 930 1984 poculis:

283 1999 392 2046 plena
419 2000 522 2035 dives
549 2004 593 2035 ut
619 2000 655 2034 in
688 2000 806 2035 domo.

1015 2124 1034 2156 Ι».

1038 2123 1111 2154 Β-

1178 203 1217 234 19

1190 1445 1216 1468 1⁵

1186 1764 1216 1780 20
