1432 2337
486 195 694 229 HORATII
727 195 998 229 OARMINUM

282 287 415 311 verum
441 287 537 322 pone
563 287 684 310 moras
715 278 753 310 et
783 275 951 310 studium
979 275 1085 319 lucri,

283 337 550 384 nigrorumque
576 348 728 381 memor,
759 336 846 371 dum
876 336 976 381 licet,
1002 336 1146 384 ignium

243 425 248 428 -
283 401 395 436 misce
427 399 631 434 stultitiam
659 398 821 434 consiliis
847 399 1021 434 brevem:

385 462 492 497 dulce
519 465 576 496 est
605 461 772 508 desipere
799 462 838 496 in
865 461 952 496 1000.

562 661 792 698 OARMEN
821 661 941 698 XIII.

282 774 486 818 Audivere,
516 773 625 820 Lyce,
656 772 694 808 di
720 784 802 807 mea
829 776 927 817 vota,
956 771 995 806 di

282 837 466 881 audivere,
496 836 620 883 Lyce:
656 835 700 871 fis
727 847 831 879 anus,
860 838 898 870 et
924 838 1049 869 tamen

331 900 388 935 vis
414 900 574 934 formosa
601 898 719 933 videri

396 961 566 1008 ludisque
594 964 631 995 et
660 959 755 995 bibis
786 960 983 1007 impudens

282 1037 320 1068 et
347 1037 459 1068 cantu
489 1031 651 1067 tremulo
678 1035 767 1079 pota
797 1030 1019 1078 Cupidinem

282 1095 425 1130 lentum
454 1094 640 1129 sollicitas.
696 1093 760 1128 ille
787 1093 946 1128 virentis
971 1098 1008 1128 et

332 1156 461 1191 doctae
489 1156 645 1203 psallere
673 1155 789 1191 Chiae

384 1217 551 1265 pulchris
578 1218 741 1253 excubat
768 1219 807 1252 in
835 1217 949 1264 genis.

281 1291 518 1338 importunus
546 1289 647 1325 enim
675 1290 884 1325 transvolat
913 1289 1036 1324 aridas

280 1363 437 1398 quercus
464 1355 502 1386 et
529 1350 668 1397 refugit
694 1354 742 1394 te,
772 1350 861 1398 quia
887 1350 1001 1385 luridi

331 1414 470 1457 dentes,
500 1417 538 1448 te
565 1413 655 1460 quia
682 1425 795 1460 rugae

383 1478 539 1521 turpant
566 1478 605 1509 et
631 1474 764 1521 capitis
791 1474 906 1509 nives.

280 1560 346 1582 nec
376 1547 472 1583 Coae
502 1547 670 1582 referunt
698 1546 773 1581 iam
800 1546 872 1581 tibi
900 1558 1086 1593 purpurae

280 1623 347 1645 nec
377 1610 469 1645 clari
497 1609 642 1657 lapides
669 1613 849 1657 tempora,
881 1622 976 1656 quae
1005 1609 1115 1644 semol

330 1672 429 1706 notis
455 1671 606 1706 condita
632 1671 739 1706 fastis

378 1733 532 1768 inclusit
558 1733 721 1768 volucris
747 1733 835 1768 dies.

280 1817 352 1851 quo
380 1805 477 1852 fugit
504 1817 633 1849 venus,
661 1805 747 1849 heu,
776 1816 898 1852 quove
927 1804 1044 1838 color?
1071 1804 1202 1840 decens

281 1879 352 1913 quo
381 1867 525 1901 motus‘l
553 1865 644 1913 quid
670 1865 784 1901 habes
809 1865 921 1911 illius,
950 1865 1062 1910 illius,

332 1941 425 1976 quae
452 1929 617 1975 spirabat
643 1940 795 1974 amores,

383 2003 476 2038 quae
504 2003 562 2026 me
589 1994 787 2038 surpuerat
812 1989 916 2033 mihi,
