1432 2337
462 191 551 225 LIB.
579 190 640 224 IV.
674 190 779 224 CAR.
805 188 866 223 IV.

199 269 326 305 videre
354 268 486 304 Raetis
512 268 611 303 bella
637 267 707 302 sub
734 266 900 313 Alpibus

201 331 368 366 Drusum
395 333 587 377 gerentem
616 328 807 363 Vindelici
819 327 1020 375 ;—quibus

253 404 330 427 mos
358 391 456 427 unde
483 391 666 426 deductus
694 402 759 437 per
785 402 895 425 omne

303 458 453 502 tempus
481 453 690 488 Amazonia
716 453 839 487 securi

203 526 355 561 dextras
382 526 561 570 obarmeb‚
591 537 769 572 quaerere
796 524 939 565 distuli,

206 601 273 623 nec
300 588 394 623 scire
421 587 480 622 fas
506 590 564 622 est
590 587 716 622 omnia
731 586 858 631 ;—-sed
885 587 952 621 diu

256 650 405 697 lateque
433 649 605 684 victrices
633 652 807 684 cabervae

307 711 472 747 consiliis
499 710 646 746 iuvenis
673 710 836 745 revictae

205 795 364 827 sensere,
392 782 482 829 quid
510 794 614 816 mens
641 781 725 825 rite,
753 780 843 828 quid
871 779 1015 815 indoles

206 846 352 880 nutrita
378 844 512 879 faustis
539 845 608 879 sub
635 844 890 891 penetralibus

257 912 392 953 posset,
421 905 512 952 quid
539 905 707 951 Augusti
732 908 915 951 paternus

309 967 349 1002 in
376 979 509 1014 pueros
535 967 682 1001 animus
710 967 888 1002 Nerones.

209 1039 325 1075 sorbes
352 1043 529 1074 creantur
556 1038 719 1073 fortibus
746 1042 784 1073 et
812 1039 941 1084 bonis3

209 1107 266 1137 est
292 1102 332 1137 in
359 1102 537 1146 iuvencis,
567 1105 623 1136 est
651 1102 691 1136 in
718 1101 824 1149 equis
850 1105 1002 1149 patrum

260 1164 392 1209 virtus,
420 1176 542 1211 neque
569 1164 758 1198 imbellem
786 1163 927 1199 feroces

311 1227 560 1271 progenerant]
586 1224 733 1271 aquilae
760 1223 969 1259 columbam
978 1235 987 1267 3

210 1296 381 1332 doctrina
407 1296 471 1330 sed
499 1296 576 1330 vim
604 1299 800 1343 promovet]
826 1295 992 1337 insitam,

212 1359 376 1405 rectique
403 1357 528 1392 cultus
554 1362 707 1404 pectora
735 1358 935 1403 roboranb3

263 1425 455 1465 utcunque
484 1418 653 1453 defecere
682 1431 814 1462 mores,

315 1481 535 1516 indecorant
563 1481 658 1516 bene
687 1485 777 1515 nata
806 1480 946 1527 culpae.

213 1554 303 1602 quid
332 1554 477 1598 debeaS‚
509 1565 530 1589 o
561 1553 694 1597 Roma,
726 1553 951 1597 Neronibus,

213 1616 321 1651 testis
349 1615 568 1650 Metaurum
596 1615 736 1649 flumen
767 1617 806 1650 eb
835 1614 1055 1650 Hasdrubal

265 1678 434 1713 devictus
462 1682 501 1713 eb
529 1677 683 1725 pulcher
714 1677 856 1724 fugatis

316 1739 380 1774 ille
411 1738 490 1773 dies
520 1738 631 1773 Latio
659 1738 836 1782 tenebris,

216 1812 281 1860 qui
309 1812 452 1859 primus
481 1812 579 1846 alma
607 1811 691 1846 risit:
718 1811 864 1856 adorea,

216 1876 319 1910 dirus
349 1887 414 1922 per
442 1875 552 1909 urbes
582 1874 680 1909 Afer
708 1878 751 1909 ub
780 1874 899 1910 Italas

269 1949 336 1972 ceu
365 1936 515 1971 flamma
543 1949 609 1983 per
638 1936 765 1971 taedas
797 1936 857 1971 vel
888 1936 1013 1972 Eurus

319 2010 384 2045 per
414 1998 556 2034 Siculas
585 1999 770 2046 equitavit
799 1998 928 2034 undas.

1213 469 1244 486 20

1217 797 1248 819 ‘³5

1222 1118 1253 1141 30

1224 1435 1254 1460 35

1227 1759 1258 1780 40
