1432 2337
141 204 181 233 10

455 202 664 236 HORATII
696 202 966 236 CARMINUM

241 278 355 314 nullis
384 279 566 326 polluitur
594 282 697 314 casta
725 279 857 314 domus
886 279 1036 325 stupris,

242 351 321 375 mos
350 346 388 375 et
417 340 477 375 lex
505 341 736 375 maculosum
763 340 931 375 edomuit
958 342 1072 384 nefas,

244 401 447 436 laudantur
474 401 587 436 simili
618 402 721 449 prole
750 414 965 449 puerperae,

294 463 442 510 culpam
471 475 591 510 poena
619 463 758 511 premit
784 476 914 499 comes.

243 537 326 584 quis
355 536 540 572 Parthum
564 540 711 583 paveat,
731 536 815 583 quis
839 536 1003 583 gelidum
1028 535 1203 583 Scythen,
1251 555 1263 570 2

244 598 327 645 quis
357 598 558 634 Germania
586 610 678 645 quos
706 598 857 633 horrida
884 598 1050 645 parturit

244 661 354 704 fetus,
383 660 563 695 incolumi
591 660 770 696 Caesare?
804 660 889 707 quis
917 660 1019 695 ferae

295 723 435 757 bellum
465 726 570 757 curet
600 722 805 757 Hiberiae?

245 795 374 830 condit
403 795 559 842 quisque
587 795 685 829 diem
715 794 871 829 collibus
900 794 940 829 in
969 795 1057 839 suis,

245 862 284 892 et
314 859 428 893 vitem
458 857 591 893 Viduas
619 857 726 892 ducit
753 857 800 892 ad
828 858 1000 902 arbores3

248 921 334 955 hinc
364 920 411 955 ad
439 920 527 955 vina
556 919 655 955 redit
683 920 804 954 laetus
831 923 870 955 et
901 920 1032 955 alteris

298 986 336 1016 te
364 981 502 1016 mensis
531 981 684 1016 adhibet
710 981 821 1016 deum
828 994 839 1026 3

249 1057 287 1088 te
315 1053 436 1088 multa
464 1065 582 1100 prece,
612 1056 650 1088 te
679 1054 920 1100 prosequitur
951 1051 1077 1089 mero>

250 1118 380 1153 defuso
407 1117 546 1164 pateris
577 1120 616 1151 et
645 1116 802 1151 Laribus
831 1120 940 1152 tuum

248 1180 378 1214 miscet
407 1191 557 1222 numen,
587 1178 646 1212 uti
675 1178 833 1213 Graecia
862 1178 1026 1214 Castoris

302 1246 340 1277 et
368 1242 494 1288 magni
523 1253 664 1275 memor
684 1240 871 1276 Herculis.

250 1314 379 1361 longas
408 1326 429 1348 ο
458 1312 614 1358 utinam,
646 1312 724 1346 dux
754 1312 858 1357 bone,
891 1312 1005 1348 ferias

249 1380 413 1424 praestes
443 1373 672 1422 Hesperian
709 1373 867 1409 dicimus
896 1374 1041 1422 integro

250 1438 338 1472 sicci
366 1449 475 1472 mane
506 1436 578 1480 die,
609 1436 767 1470 dicimus
797 1435 913 1480 uvidi,

301 1511 385 1534 cum
415 1498 470 1533 sol
499 1498 648 1534 Oceano
677 1498 813 1533 subest.

559 1705 789 1741 GARMEN
823 1704 892 1739 VI.

252 1821 360 1865 Dive,
391 1833 502 1868 quem
531 1821 652 1868 proles
681 1820 827 1855 Niobea
855 1831 1011 1866 magnae

252 1882 439 1918 vindicem
472 1883 622 1929 linguae
642 1883 847 1929 Tityosque
876 1886 1004 1928 raptor

251 1945 367 1980 sensit
396 1949 434 1980 et
460 1945 591 1980 Troiae
619 1957 733 1992 prope
762 1945 882 1980 victor
910 1945 1009 1979 altae

355 2006 518 2042 Phthius
548 2006 727 2050 Achilles,
