1432 2337
184 196 225 226 26

627 194 838 230 HORATII

334 273 432 318 diva,
459 273 640 321 producas
671 275 838 311 subolem
865 280 1090 324 patrumque

334 347 523 382 prosperes
550 336 697 372 decreta
724 349 835 385 super
862 338 1035 385 iugandis

333 397 482 432 feminis
508 397 696 446 prolisque
724 411 843 435 novae
872 400 988 435 feraci

434 458 514 506 lege
540 459 686 505 marita,

332 591 454 622 certus
480 587 648 624 undenos
676 588 795 623 decies
822 601 888 635 per
914 600 1031 623 annos

332 649 431 684 orbis
457 653 502 684 ut
528 653 659 685 cantus
686 650 896 698 referatque
923 650 1030 686 ludos

332 715 389 745 ter
416 710 474 745 die
501 710 599 746 claro
626 711 811 759 totiesque
838 716 944 759 grata

433 776 542 807 nocte
569 772 794 820 frequentes.

334 911 470 946 vosque
498 912 644 936 veraces
672 903 856 948 cecinisse,
888 904 1039 949 Parcae,

334 962 433 1009 quod
461 963 573 998 semel
600 964 741 999 dictum
769 971 825 1001 est
854 967 1071 1015 stabilisque
1099 979 1220 1002 rerum

334 1024 516 1060 terminus
544 1030 676 1070 servet,
711 1027 808 1062 bona
834 1028 908 1063 iam
935 1029 1098 1076 peractis

433 1085 580 1133 iungite
608 1087 698 1122 fata.

333 1203 468 1238 fertilis
495 1202 648 1251 frugum
676 1206 891 1254 pecorisque
919 1208 1032 1244 tellus

333 1263 455 1310 spicea
481 1263 594 1299 donet
622 1264 793 1301 Cererem
821 1279 955 1303 corona
967 1281 980 1314 5

332 1325 505 1360 nutriant
530 1325 627 1362 fetus
652 1330 692 1361 et
718 1339 835 1375 aquae
862 1329 1027 1366 salubres

435 1391 473 1422 et
500 1386 604 1423 Iovis
631 1400 752 1425 aurae.

334 1505 483 1540 condito
510 1505 612 1541 mitis
639 1506 879 1554 placidusque
905 1506 980 1542 telo

334 1566 518 1614 supplices
545 1563 632 1603 audi
658 1578 804 1614 pueros,
832 1567 972 1615 Apollo
985 1581 997 1614 5

334 1627 496 1664 siderum
522 1629 651 1677 regina
676 1628 847 1675 bicornis,
876 1630 974 1676 audi,

433 1689 551 1734 Luna,
580 1688 747 1737 puellas:

337 1809 456 1846 Roma
483 1811 514 1846 si
542 1814 708 1846 vestrum
735 1815 791 1847 est
817 1824 918 1859 opus,
947 1811 1113 1859 Iliaeque

336 1873 426 1909 litus
453 1873 653 1910 Etruscum
680 1878 833 1911 tenuere
861 1878 1016 1920 turmae,

335 1937 435 1972 iussa
461 1948 546 1984 pars
572 1941 717 1973 mutare
745 1937 856 1973 Lares
888 1940 926 1973 et
952 1937 1081 1972 urbem

436 1998 574 2046 sospite
600 2012 720 2044 cursu,

1289 482 1318 497 20

1291 925 1320 946 25

1291 1290 1321 1311 30

1290 1650 1318 1673 35

1288 2020 1318 2039 40
