1432 2337
482 193 570 226 LIB.
597 192 659 226 IV.
693 192 796 226 CAR.
824 191 888 225 IX.

523 406 751 442 OARMEN
781 406 853 442 IX.

217 523 277 558 Ne
305 522 402 558 forte
430 523 557 558 credas
583 522 797 566 interitura,
825 534 921 569 quae

217 584 327 632 longe
356 590 550 620 sonantem
580 589 693 620 natus
721 585 768 620 ad
799 585 982 620 Aufidum

268 659 344 682 non
370 651 457 682 ante
484 648 654 694 volgatas
681 660 748 695 per
773 652 872 683 artes

319 709 433 744 verba
461 709 593 756 loquor
621 709 796 745 socianda
824 710 988 746 chordis:

217 793 303 824 non,
333 781 365 815 si
394 781 533 828 priores
560 782 760 817 Maeonius
790 786 896 818 tenet,

217 842 321 877 sedes
350 842 552 887 Homerus,
585 843 806 880 Pindaricae
833 845 956 880 latent

269 904 438 952 Ceaeque
467 910 506 940 et,
534 906 667 941 Alcaei
697 907 858 942 minaces

320 967 595 1014 Stesichorique
623 981 755 1016 graves
783 969 990 1014 Oamenae;

217 1050 295 1082 nec,
326 1038 358 1073 si
387 1039 477 1086 quid
504 1039 593 1074 olim
620 1040 713 1075 lusit
743 1041 954 1085 Anacreon,

217 1100 358 1135 delevit
384 1107 509 1148 aetasj,
544 1103 664 1149 spirat
690 1102 813 1138 adhuc
841 1116 946 1139 amor

269 1162 480 1210 vivuntque
510 1165 694 1200 commissi
724 1165 864 1201 calores

327 1227 483 1262 Aeoliae
511 1227 646 1262 fidibus
675 1228 830 1274 puellae.

218 1313 294 1336 non
323 1301 400 1336 sola
429 1304 595 1348 comptos
624 1301 717 1335 arsit
742 1301 905 1336 adulteri

219 1363 340 1397 crines
368 1366 407 1397 et
435 1375 568 1397 aurum
597 1363 766 1397 vestibus
795 1363 934 1398 illitum

270 1425 407 1460 mirata
435 1425 646 1471 regalesque
675 1425 799 1460 cultus

321 1491 360 1522 et
388 1488 541 1522 comites
570 1487 718 1522 Helene
746 1487 927 1533 Lacaena,

221 1559 409 1607 primusve
439 1559 579 1594 Teucer
607 1559 683 1594 tela
713 1559 882 1607 Cydonio

220 1622 359 1657 direxit
387 1634 475 1657 arcu
488 1635 498 1666 3
533 1634 609 1656 non
636 1622 749 1656 semel
778 1622 870 1657 Ilios

272 1687 424 1728 vexata3
460 1696 537 1718 non
568 1684 751 1730 pugnavit
777 1684 909 1731 ingens

322 1745 546 1780 Idomeneus
574 1745 819 1781 Sthenelusve
847 1747 947 1781 solus

221 1818 376 1853 dicenda
404 1818 526 1853 Musis
554 1818 712 1865 proelia3
747 1831 823 1854 non
851 1819 959 1855 ferox

222 1880 367 1915 Hector·
393 1880 453 1915 vel
481 1892 566 1915 acer
593 1880 812 1928 Deiphobus
843 1894 975 1929 graves

272 1942 420 1989 excepit
447 1943 545 1977 ictus
573 1955 639 1990 pro
669 1943 816 1989 pudicis

324 2004 543 2052 coniugibus
571 2004 770 2052 puerisque
797 2005 940 2052 primus

1219 194 1259 224 15

1234 1125 1260 1140 [Ο

1231 1448 1259 1471 15

1230 1769 1260 1784 20
