1432 2337
461 205 670 240 HORATII
704 205 974 241 CARMINUM

250 296 270 317 o
298 282 501 319 testudinis
528 295 662 318 aureae

300 345 446 380 dulcem
474 358 569 392 quae
596 346 808 393 strepitum,
829 346 942 392 Pieri,
962 351 1158 395 temperas,

250 419 271 441 ο
299 407 414 442 mutis
441 420 588 455 quoque
616 409 778 455 piscibus

301 468 487 504 donatura
513 469 630 516 cycni,
659 470 690 504 si
718 470 843 514 libeat,
873 482 1014 522 sonum,
1263 494 1293 509 ,ο

252 544 375 576 totum
402 541 568 576 muneris
595 541 664 577 hoc
690 541 750 577 tui
777 546 845 584 est,

302 603 400 650 quod
428 608 614 638 monstror
641 603 759 650 digito
787 604 1110 650 praetereuntium

252 664 445 700 Romanae
472 666 606 701 fidicen
634 665 754 712 lyrae:

302 727 400 773 quod
428 728 528 774 spiro
555 731 592 763 et
620 727 757 775 placeo,
778 727 809 762 si
837 727 972 774 placeo,
993 731 1101 764 tuum
1131 734 1196 764 est.

560 945 790 982 CARMEN
819 948 889 984 IV.

254 1061 410 1103 Qualem
439 1061 653 1096 ministrum
681 1061 852 1099 fulminis
879 1064 1018 1106 alitem,

253 1124 312 1158 cui
340 1136 406 1159 rex
434 1124 587 1159 deorum
615 1137 771 1171 regnum
800 1127 840 1161 in
866 1140 954 1163 aves
982 1140 1093 1175 vagas

303 1186 473 1232 permisit
499 1191 676 1233 expertus
703 1187 849 1223 fidelem

356 1248 530 1295 Iuppiter
557 1248 597 1283 in
625 1249 844 1296 Ganymede
872 1250 968 1286 flavo

253 1320 341 1354 olim
369 1320 541 1355 iuventas
569 1324 607 1355 et
633 1321 778 1368 patrius
806 1322 910 1368 vigor

255 1381 344 1416 nido
371 1381 542 1416 laborum
569 1382 737 1429 propulit
763 1383 923 1419 inscium

307 1443 486 1490 vernique
513 1443 587 1478 iam
616 1444 754 1479 nimbis
781 1446 936 1481 remotis

356 1505 527 1540 insolitos
554 1504 712 1540 docuere
739 1505 845 1541 nisus

256 1575 360 1609 venti
386 1579 596 1622 paventem,
624 1587 712 1610 mox
739 1576 780 1610 in
807 1576 922 1612 ovilia

257 1636 408 1671 demisit
434 1637 579 1672 hostem
606 1638 755 1673 vividus
782 1638 953 1686 impetus,
1268 1663 1297 1678 10

307 1711 407 1733 nunc
435 1699 475 1733 in
502 1699 730 1735 reluctantes
758 1700 936 1736 dracones

358 1762 436 1807 egit
462 1774 567 1797 amor
593 1762 698 1809 dapis
725 1767 838 1810 atque
865 1776 1012 1810 pugnae
1025 1778 1035 1809 5

258 1833 452 1880 qualemve
480 1834 589 1870 laetis
617 1847 748 1882 caprea
774 1836 920 1883 pascuis

258 1896 406 1930 intenta
434 1895 561 1931 fulvae
589 1897 721 1932 matris
748 1897 794 1932 ab
822 1897 936 1932 ubere

310 1958 383 1992 iam
412 1957 506 1993 lacte
533 1958 728 2005 depulsum
755 1958 898 1994 leonem
1270 1979 1299 2003 15

362 2019 473 2055 dente
499 2032 597 2056 novo
625 2021 792 2068 peritura
819 2021 937 2057 vidit:
