1432 2337
470 205 559 238 LIB.
586 205 647 239 IV.
681 205 785 238 CAR.
811 205 854 239 V.

185 284 239 318 nil
272 283 450 319 Claudiae
479 296 555 319 non
582 284 777 331 perficient
805 296 948 326 manus,

186 359 278 394 quas
306 350 344 382 et
373 347 534 394 benigno
561 347 718 381 numine
746 346 922 394 Iuppiter

236 408 404 444 defendit
431 412 470 443 et
496 421 607 443 curae
639 420 788 455 sagaces

286 470 493 517 expediunt
522 482 588 517 pet·
615 474 727 505 acuta
755 470 854 506 belli.

491 688 721 724 ΘΑΕ-ΜΕΝ
750 689 797 725 V,

185 804 294 839 Divis
321 808 402 840 orte
429 805 546 849 bonis,
576 805 715 852 optime
743 805 928 841 Romulae

184 870 307 901 custos
333 866 468 913 gentis,
498 866 585 901 abes
611 866 686 901 iam
714 866 873 901 nimium
900 867 989 913 diug

184 931 375 962 maturum
402 927 567 962 reditum
594 927 783 974 pollicitus
809 931 962 975 patrum

234 993 362 1024 sancto
389 990 544 1025 concilio
572 990 661 1026 redi.

182 1059 302 1094 lucem
329 1059 441 1095 redde
467 1063 567 1104 tuae,
597 1059 676 1095 dux
702 1060 808 1104 bone,
838 1060 1004 1108 patriae:

184 1121 304 1156 instar
330 1122 429 1157 veris
457 1122 557 1157 enim
584 1123 718 1174 voltus.
737 1123 802 1158 ubi
828 1127 919 1159 tuus

183 1183 326 1219 affulsit
352 1184 500 1231 populo,
530 1184 672 1231 gratior
699 1184 731 1220 it
758 1185 837 1220 dies

235 1249 274 1280 et
299 1246 393 1281 soles
421 1246 555 1281 melius
581 1247 717 1282 nitent.

183 1321 226 1351 ut
253 1321 374 1352 mater
400 1318 586 1360 iuvenem,
615 1331 724 1365 quem
753 1318 880 1353 Notus
907 1318 1036 1354 invido

183 1379 276 1414 flatu
304 1379 500 1427 Carpathii
525 1383 632 1415 trans
660 1381 773 1415 maris
800 1392 963 1427 aequora

183 1445 421 1476 cunctantem
449 1442 572 1488 spatio
600 1442 748 1488 longius
776 1455 901 1477 annuo

233 1502 335 1538 dulci
362 1502 520 1538 distinet
546 1515 570 1538 a
596 1503 715 1545 domo,

168 1571 281 1609 >votis
308 1574 571 1621 ominibusque
599 1578 637 1610 et
663 1574 837 1622 precibus
864 1580 984 1620 Vocat,

182 1648 297 1671 curvo
325 1648 392 1671 nec
421 1636 556 1671 faciem
587 1637 697 1672 litore
728 1637 917 1674 dimovet:

182 1697 234 1731 sic
261 1696 456 1733 desideriis
482 1698 558 1733 icta
587 1698 761 1733 fidelibus

233 1760 381 1807 quaerit
407 1760 531 1807 patria
559 1760 765 1796 Caesarem.

181 1837 288 1868 tutus
315 1833 382 1867 bos
411 1833 550 1868 etenim
579 1846 668 1868 rura
695 1833 940 1881 perambulat,

180 1895 306 1930 nutrit
333 1907 423 1930 rura
453 1895 563 1931 Ceres
591 1896 763 1943 almaque
791 1895 995 1939 Faustitas,

182 1961 357 2003 pacatum
385 1957 549 1992 volitant
577 1969 643 2004 per
671 1970 774 1993 mare
802 1957 965 2001 navitae,

232 2017 376 2065 culpari
402 2019 539 2054 metuit
567 2018 689 2064 Fides,

1196 429 1226 453 75
