1432 2337
454 191 662 225 HORATII
695 191 964 226 CARMINUM

237 269 302 304 sed
330 281 405 304 non
433 269 524 305 haec
551 270 644 305 mihi
671 270 740 315 vis,
769 282 845 305 non
871 270 943 305 tibi
970 269 1105 305 talium

240 342 297 365 res
325 334 381 365 est
408 333 476 365 aut
504 331 655 366 animus
684 331 902 365 deliciarum
931 342 1052 378 egens.

239 391 378 438 gaudes
406 393 653 437 carminibus3
682 393 846 428 carmina
872 404 1069 440 possumus

243 454 380 488 donare
409 458 447 489 et
475 455 640 501 pretium
667 455 789 490 dicere
815 455 973 490 muneri.

243 528 319 550 non
345 515 463 550 incisa
490 516 590 550 notis
620 529 803 551 marmora
832 515 1001 563 publicis,

246 589 310 624 per
337 590 431 625 quae
458 579 612 625 spiritus
639 584 677 613 et
703 580 785 613 vita
811 578 909 613 redit
934 578 1042 613 bonis

245 643 329 685 post
355 643 512 674 mortem
540 639 708 685 ducibus,
738 652 814 674 non
843 639 978 674 celeres
1003 639 1114 686 fugae

245 701 476 749 reiectaeque
506 706 710 736 retrorsum
741 701 972 736 Hannibalis
1000 701 1134 746 minae,

247 775 323 797 non
349 763 523 798 incendia
553 763 802 810 Karthaginis
829 762 969 809 impiae

248 825 338 869 eius,
371 825 435 872 qui
465 824 608 859 domita
637 837 773 859 nomen
801 825 848 859 ab
879 824 1012 859 Africa

251 887 418 922 lucratus
445 887 568 928 rediit,
599 886 734 922 elarius
760 887 931 921 indicant

250 948 378 984 laudes
407 961 520 996 quam
551 948 730 983 Calabrae
761 948 943 984 Pierides:
970 960 1102 995 neque,

249 1013 280 1048 si
309 1012 460 1047 chartae
489 1011 625 1045 sileant
654 1011 753 1058 quod
782 1011 876 1046 bene
905 1011 1045 1055 feceris,

251 1074 457 1110 mercedem
487 1072 628 1108 tuleris,
684 1072 774 1120 quid
802 1072 899 1108 foret
926 1073 1021 1108 Iliae

252 1137 510 1181 Mavortisque
538 1146 639 1181 puer,
669 1134 701 1169 si
728 1135 969 1170 taciturnitas

252 1199 417 1233 obstaret
445 1195 589 1230 meritis
616 1195 746 1230 invida
774 1196 951 1232 Romuli'l

252 1263 422 1306 ereptum
450 1257 591 1304 Stygiis
618 1256 793 1292 fluctibus
820 1258 990 1292 Aeacum

253 1322 373 1356 virtus
402 1323 440 1354 et
466 1317 574 1353 favor
601 1322 640 1353 et
668 1318 797 1366 lingua
826 1319 1039 1366 potentium

254 1387 386 1417 vatum
413 1379 596 1415 divitibus
623 1385 813 1415 consecrat
840 1380 983 1416 insulis.

255 1445 411 1492 dignum
440 1443 550 1478 laude
579 1443 704 1478 virum
733 1443 846 1479 Musa
873 1447 980 1479 vetat
1009 1444 1121 1479 mori:

255 1507 356 1542 caelo
385 1505 499 1540 Musa
525 1504 621 1540 beat.
677 1505 728 1540 sic
758 1505 862 1541 Iovis
891 1506 1049 1541 interest

255 1566 394 1614 optatis
420 1564 539 1611 epulis
566 1564 724 1612 impiger
751 1566 944 1610 Hercules,

257 1628 397 1662 clarum
427 1624 663 1672 Tyndaridae
690 1626 792 1662 sidus
819 1627 865 1662 ab
892 1627 1031 1663 infimis

257 1700 408 1736 quassas
435 1687 602 1733 eripiunt
629 1688 853 1735 aequoribus
879 1694 990 1733 rates,

259 1755 414 1787 ornatus
440 1749 554 1784 viridi
583 1754 752 1797 tempora
778 1751 955 1799 pampino

260 1814 373 1849 Liber
400 1816 489 1848 vota
518 1813 632 1848 bonos
661 1813 764 1848 ducit
792 1814 838 1849 ad
867 1814 1000 1851 exitus.

1250 351 1280 366 10

1261 968 1290 982 20
