2912 4368
707 1223 796 1256 LIB.
828 1222 890 1255 IV.
924 1221 1028 1254 CAR.
1061 1220 1161 1255 XIV.

473 1298 562 1332 felix
590 1302 673 1345 post
701 1297 887 1341 Cinaram,
915 1302 1079 1345 notaque
1106 1302 1144 1333 et
1171 1298 1312 1333 artium

473 1366 664 1407 gratarum
692 1360 828 1396 facies2
880 1359 943 1395 sed
972 1360 1129 1397 Cinarae
1158 1361 1288 1396 breves

523 1433 639 1455 annos
668 1420 748 1455 fata
777 1420 973 1464 dederunt,

573 1486 767 1517 servatura
795 1482 858 1517 diu
887 1495 1013 1529 parem

473 1556 629 1591 cornicis
656 1555 806 1590 vetulae
833 1554 1064 1601 temporibus
1091 1554 1230 1601 Lycen,

472 1621 622 1663 possent
650 1621 692 1651 ut
720 1617 875 1651 iuvenes
904 1616 1024 1651 visere
1053 1615 1191 1651 fervidi

524 1680 643 1716 multo
672 1692 747 1715 non
776 1680 856 1715 sine
886 1680 966 1714 risu

574 1743 755 1789 dilapsam
783 1742 823 1776 in
851 1742 993 1776 eineres
1020 1740 1147 1777 facem.

754 1950 818 1985 CA
828 1950 984 1985 RMEN
1013 1950 1125 1986 XIV.

474 2066 577 2107 Quae
607 2078 695 2100 cura
724 2069 873 2112 patrum
903 2078 1045 2112 quaeve
1075 2065 1280 2109 Quiritium

474 2127 592 2174 plenis
621 2127 803 2161 honorum
845 2127 1062 2162 muneribus
1091 2132 1186 2172 tuas,

524 2190 707 2235 Auguste,
738 2189 900 2224 virtutes
929 2189 969 2223 in
996 2201 1129 2224 aevum

575 2262 641 2297 per
669 2250 800 2285 titulos
828 2262 1084 2298 memoresque
1110 2250 1229 2286 fastos

473 2326 652 2366 aeternet,
684 2336 715 2367 o,
744 2336 819 2370 qua
848 2323 902 2358 sol
932 2322 1158 2358 habitabiles

474 2386 640 2420 illustrat
669 2398 761 2430 oras,
794 2386 956 2421 maxime
982 2386 1218 2433 prinoipqu

524 2461 633 2495 quem
661 2448 753 2495 legis
783 2453 955 2495 expertes
984 2448 1141 2484 Latinae

576 2507 767 2543 Vindelici
797 2508 958 2543 didicere
988 2521 1118 2556 nuper,

473 2581 563 2626 quid
593 2580 718 2615 Marte
747 2592 881 2627 posses.
936 2580 1057 2615 milite
1086 2593 1172 2615 nam
1202 2584 1267 2615 tuo

474 2642 620 2677 Drusus
649 2641 859 2687 Genaunes,
888 2643 1130 2690 implacidum
1156 2656 1285 2690 genus,

525 2704 766 2751 Brennosque
794 2706 938 2740 veloces
966 2709 1003 2740 et
1029 2718 1131 2741 arces

576 2768 739 2814 Alpibus
766 2768 959 2814 impositas
988 2769 1192 2803 tremendis

473 2838 607 2873 deiecit
636 2849 717 2873 acer
746 2840 829 2885 plus
859 2840 937 2875 viee
967 2840 1126 2887 simplici
1135 2854 1144 2886 5

473 2899 591 2934 maior
618 2899 815 2935 Neronum
842 2914 927 2935 mox
955 2914 1067 2948 grave
1094 2902 1278 2950 proelium

525 2961 710 2996 commisit
735 2961 987 3010 immanesque
1015 2963 1154 3000 Raetos

577 3025 754 3072 auspiciis
781 3026 927 3073 pepulit
954 3026 1136 3073 secundis,
