1432 2337
413 209 500 243 LIB.
527 208 589 242 IV.
623 208 727 242 CAR.
755 208 798 242 X.
822 208 885 240 XI.
1180 211 1218 242 17

495 473 725 508 OARMEN
753 473 803 509 X.

77 590 108 625 O
137 589 296 624 crudelis
323 589 444 625 adhuc
472 594 510 625 ct
536 590 699 625 Veneris
725 591 945 626 muneribus
971 596 1113 638 potens,

74 652 264 698 insperata
292 656 380 686 tuae
407 664 492 687 cum
519 653 646 687 veniet
672 652 801 699 pluma
829 653 1024 700 superbiae

74 717 122 755 et,
156 725 250 759 quae
277 725 377 747 nunc
403 713 543 748 umeris
570 713 787 757 involitant,
819 713 1026 748 deciderint
1053 726 1189 757 comae,

76 787 174 809 nunc
196 779 235 810 et
261 775 326 822 qui
353 775 454 810 color
481 779 538 811 est
565 775 744 823 puniceae
771 776 862 811 flore
889 776 992 823 prior
1019 789 1124 812 rosae

73 839 242 870 mutatus
269 835 494 883 Ligurinum
521 836 561 871 in
588 835 724 871 faciem
751 837 911 871 verterit
937 836 1135 884 hispidam,

74 895 182 939 dices,
212 895 295 940 heu,
325 897 498 944 quotiens
525 901 563 932 te
591 897 742 944 speculo
770 898 910 933 videris
939 898 1116 934 alterum:

73 970 167 1004 quae
194 970 298 993 mens
325 962 382 993 est
407 958 528 1003 hodie,
557 971 624 994 cur
650 959 778 994 eadem
805 971 881 994 non
907 972 1022 1006 puero
1050 960 1135 1003 fuit,

72 1020 131 1054 vel
159 1032 224 1054 cur
251 1019 309 1055 his
337 1020 471 1055 animis
498 1020 702 1056 incolumes
729 1034 806 1056 non
833 1022 993 1057 redeunt
1019 1023 1158 1069 genae?

469 1210 700 1245 cARMEN
728 1211 801 1247 XI.
981 1196 1091 1267 Aoi<
1102 1200 1220 1273 *gs-lene
1240 1252 1244 1259 ,

224 1320 292 1354 Est
319 1320 412 1354 mihi
439 1333 581 1355 nonum
609 1322 822 1368 superantis
850 1335 991 1357 annum

222 1381 355 1427 plenus
382 1381 524 1416 Albani
552 1382 663 1417 cadus
672 1397 680 1427 3
718 1387 775 1418 est
800 1384 841 1418 in
868 1384 988 1429 horto,

224 1441 362 1488 Phylli,
391 1443 584 1478 nectendis
611 1444 738 1490 apium
765 1446 925 1490 coronis;

325 1508 381 1539 est
407 1504 565 1541 hederae
593 1506 649 1541 vis

222 1576 350 1619 multa,
380 1589 454 1624 qua
482 1578 601 1613 crines
629 1579 786 1626 religata
813 1580 932 1627 fulges
942 1594 951 1625 3
1196 1603 1209 1623 5

222 1638 320 1673 ridet
346 1644 502 1686 argento
530 1640 661 1676 domus
668 1654 678 1687 3
715 1654 780 1677 ara
807 1643 918 1678 castis

222 1702 349 1737 vincta
376 1703 548 1738 verbenis
576 1708 664 1739 avet
691 1705 884 1741 immolato

324 1764 489 1811 spargier
520 1777 639 1812 agno3

221 1839 355 1869 cuncta
382 1835 539 1871 festinat
565 1849 708 1881 manus,
737 1837 809 1873 huc
837 1842 875 1873 et
902 1839 992 1874 illuc

221 1896 406 1932 cursitant
432 1898 574 1933 mixtae
600 1899 726 1946 pueris
753 1900 924 1947 puellae3
1178 1924 1205 1938 ιε

220 1957 411 1992 sordidum
437 1959 608 1995 flammae
634 1961 825 2007 trepidant
851 1966 1016 1997 rotantes

322 2021 462 2056 vertice
489 2021 645 2057 fumum.

1044 2118 1065 2151 [xl

139 2123 174 2147 11.
202 2122 249 2147 1v.
