1432 2337
423 224 513 258 LIB.
543 223 606 257 IV.
640 222 745 256 CAR.
777 222 878 258 XIV.

188 299 279 335 felix
306 304 390 347 post
417 293 604 344 Cinaram,
631 303 796 347 notaque
822 304 861 335 et
887 300 1029 335 artium

189 368 381 410 gratarum
408 362 545 399 facies'l
596 361 660 398 sed
687 361 846 399 Cinarae
873 363 1005 398 breves

239 435 356 458 annos
384 422 464 457 fata
493 422 690 466 dederunt,

290 488 484 519 servatura
511 484 575 519 diu
602 496 729 531 parem

188 558 346 593 cornicis
371 557 522 592 vetulae
549 556 780 604 temporibus
807 555 946 603 Lycen,

188 623 339 666 possent
365 623 409 654 ut
436 619 592 654 iuvenes
620 617 741 653 visere
769 617 908 654 fervidi

239 682 359 718 multo
387 694 464 717 non
492 682 573 717 sine
601 681 682 716 risu

290 745 471 792 dilapsam
498 744 540 779 in
567 743 709 779 cineres
735 741 864 779 facem.

470 952 535 987 CA
544 952 701 987 RMEN
729 952 841 988 XIV.

190 1068 294 1110 Quae
323 1079 412 1102 cura
440 1071 590 1114 patrum
619 1079 761 1115 quaeve
791 1067 997 1111 Quiritium

190 1129 309 1177 plenis
337 1129 520 1164 honorum
560 1129 779 1164 muneribus
807 1133 902 1174 tuas,

240 1192 423 1238 Auguste,
454 1191 617 1226 virtutes
645 1191 686 1225 in
712 1203 846 1226 aevum

291 1263 357 1299 per
385 1252 517 1288 titulos
544 1264 800 1300 memoresque
826 1251 945 1288 fastos

189 1328 368 1369 aeternet,
400 1337 432 1369 o,
460 1337 535 1372 qua
564 1325 619 1360 sol
648 1323 874 1361 habitabiles

189 1388 356 1422 illustrat
385 1400 478 1432 oras,
510 1387 672 1423 maxime
698 1388 935 1436 principum'l

240 1463 350 1497 quem
377 1450 470 1497 legis
499 1455 671 1497 expertes
700 1450 858 1487 Latinae

291 1509 483 1546 Vindelici
513 1510 675 1546 didicere
703 1522 835 1558 nuper,

189 1583 280 1629 quid
309 1582 435 1617 Marte
463 1594 598 1629 posses.
651 1582 773 1617 milite
802 1595 889 1617 nam
918 1586 984 1617 tuo

190 1644 337 1679 Drusus
365 1643 575 1689 Genaunes,
603 1644 846 1692 implacidum
873 1657 1002 1693 genus,

241 1706 483 1753 Breunosque
510 1707 654 1742 veloces
681 1711 719 1743 et
745 1720 848 1743 arces

292 1769 456 1816 Alpibus
482 1769 676 1817 impositas
703 1770 909 1806 tremendis

189 1839 324 1875 deiecit
352 1850 434 1875 acer
462 1841 546 1888 plus
574 1841 654 1877 vice
683 1841 843 1890 simplici
850 1856 861 1888 5

189 1901 307 1936 maior
334 1901 531 1938 Neronum
558 1915 645 1937 mox
671 1916 784 1950 grave
809 1904 994 1952 proelium

241 1963 426 1999 commisit
451 1963 703 2012 immanesque
731 1965 871 2002 Raetos

293 2026 471 2074 auspiciis
497 2028 643 2075 pepulit
670 2028 852 2076 secundis,

1182 225 1221 255 21

1200 1666 1230 1682 10

1197 1985 1229 2010 ts
